@article{Wilson2015DeepLearning,
    title = {{Deep Kernel Learning}},
    year = {2015},
    author = {Wilson, Andrew Gordon and Hu, Zhiting and Salakhutdinov, Ruslan and Xing, Eric P.},
    month = {11},
    url = {http://arxiv.org/abs/1511.02222},
    arxivId = {1511.02222}
}

@article{Abadi2016DeepPrivacy,
    title = {{Deep Learning with Differential Privacy}},
    year = {2016},
    author = {Abadi, Martín and Chu, Andy and Goodfellow, Ian and Mcmahan, H Brendan and Mironov, Ilya and Talwar, Kunal and Zhang, Li},
    url = {http://dx.doi.org/10.1145/2976749.2978318},
    isbn = {9781450341394},
    doi = {10.1145/2976749.2978318},
    arxivId = {1607.00133v2}
}

@article{Yu2021DoLearning,
    title = {{Do Not Let Privacy Overbill Utility: Gradient Embedding Perturbation for Private Learning}},
    year = {2021},
    author = {Yu, Da and Zhang, Huishuai and Chen, Wei and Liu, Tie-Yan},
    month = {2},
    url = {http://arxiv.org/abs/2102.12677},
    arxivId = {2102.12677}
}

@book{Rasmussen2006Gaussian2006,
    title = {{Gaussian processes for machine learning. 2006}},
    year = {2006},
    booktitle = {The MIT Press, Cambridge, MA, USA},
    author = {Rasmussen, Carl Edward and Williams, C K I},
    number = {2},
    volume = {38}
}

@techreport{HonkelaGaussianPrivacy,
    title = {{Gaussian Processes with Differential Privacy}},
    author = {Honkela, Antti and Melkas, Laila},
    arxivId = {2106.00474v2}
}

@techreport{Achituve2021GP-Tree:Learning,
    title = {{GP-Tree: A Gaussian Process Classifier for Few-Shot Incremental Learning}},
    year = {2021},
    author = {Achituve, Idan and Navon, Aviv and Yemini, Yochai and Chechik, Gal and Fetaya, Ethan},
    url = {https://github.com/IdanAchituve/GP-Tree.},
    arxivId = {2102.07868v4}
}

@article{Achituve2021PersonalizedProcesses,
    title = {{Personalized Federated Learning with Gaussian Processes}},
    year = {2021},
    author = {Achituve, Idan and Shamsian, Aviv and Navon, Aviv and Chechik, Gal and Fetaya, Ethan},
    month = {6},
    url = {http://arxiv.org/abs/2106.15482},
    arxivId = {2106.15482}
}

@article{Kaczmarek2019PutEMGADataset,
    title = {{PutEMG—A surface electromyography hand gesture recognition dataset}},
    year = {2019},
    journal = {Sensors (Switzerland)},
    author = {Kaczmarek, Piotr and M{\'{a}}nkowski, Tomasz and Tomcz{\'{y}}nski, Jakub},
    number = {16},
    month = {8},
    volume = {19},
    publisher = {MDPI AG},
    doi = {10.3390/S19163548},
    issn = {14248220},
    pmid = {31416251},
    arxivId = {1907.07428},
    keywords = {Dataset, Gesture recognition, Hand, Human-machine interface, SEMG, Wearable}
}

@article{Dwork2013ThePrivacy,
    title = {{The Algorithmic Foundations of Differential Privacy}},
    shorttitle = {Foundations and trends in theoretical computer ...},
    year = {2013},
    journal = {Foundations and trends in theoretical computer science.},
    author = {{Dwork}},
    number = {3-4},
    pages = {211--407},
    volume = {9},
    publisher = {Now Publishers,},
    address = {Hanover, Mass. :},
    issn = {1551-305X}
}

@techreport{DeUnlockingScale,
    title = {{Unlocking High-Accuracy Differentially Private Image Classification through Scale}},
    author = {De, Soham and Berrada, Leonard and Hayes, Jamie and Smith, Samuel L and Balle, Borja and contributions, Equal},
    url = {https://github.com/deepmind/jax_privacy.},
    arxivId = {2204.13650v2}
}